<?xml version="1.0" encoding="UTF-8"?><record xmlns="http://www.loc.gov/MARC21/slim" xmlns:cinclude="http://apache.org/cocoon/include/1.0" xmlns:zs="http://www.loc.gov/zing/srw/">
  <leader>00760cz  a2200193n  4500</leader>
  <controlfield tag="001">n  86001788 </controlfield>
  <controlfield tag="003">DLC</controlfield>
  <controlfield tag="005">20081003074340.0</controlfield>
  <controlfield tag="008">860529nc acannaabn          |b aaa      </controlfield>
  <datafield tag="010" ind1=" " ind2=" ">
    <subfield code="a">n  86001788 </subfield>
  </datafield>
  <datafield tag="035" ind1=" " ind2=" ">
    <subfield code="a">(OCoLC)oca03631862</subfield>
  </datafield>
  <datafield tag="040" ind1=" " ind2=" ">
    <subfield code="a">DLC</subfield>
    <subfield code="b">eng</subfield>
    <subfield code="c">DLC</subfield>
    <subfield code="d">DLC-R</subfield>
    <subfield code="d">OCoLC</subfield>
  </datafield>
  <datafield tag="100" ind1="1" ind2=" ">
    <subfield code="a">Wang, Qihua,</subfield>
    <subfield code="d">1912-</subfield>
  </datafield>
  <datafield tag="400" ind1="1" ind2=" ">
    <subfield code="w">nne</subfield>
    <subfield code="a">Wang, Chʻi-hua,</subfield>
    <subfield code="d">1912-</subfield>
  </datafield>
  <datafield tag="400" ind1="1" ind2=" ">
    <subfield code="a">王企華,</subfield>
    <subfield code="d">1912-</subfield>
  </datafield>
  <datafield tag="667" ind1=" " ind2=" ">
    <subfield code="a">Machine-derived non-Latin script reference project.</subfield>
  </datafield>
  <datafield tag="667" ind1=" " ind2=" ">
    <subfield code="a">Non-Latin script reference not evaluated.</subfield>
  </datafield>
  <datafield tag="670" ind1=" " ind2=" ">
    <subfield code="a">His Wang Chʻi-hua hua hsüan, 1984:</subfield>
    <subfield code="b">t.p. (Wang Chʻi-hua) biog. data (age 70 in 1984; graduated from Han-chou mei chuan in 1932; traditional artist)</subfield>
  </datafield>
  <datafield tag="670" ind1=" " ind2=" ">
    <subfield code="a">His Wang Chʻi-hua hua hsüan, 1990:</subfield>
    <subfield code="b">cover p. 2 (Wang Chʻi-hua; b. 6/1912)</subfield>
  </datafield>
</record>